@book{rust-book,
    title       = {The Rust Programming Language},
    author      = {Steve Klabnik and Caron Nichols},
    year        = {2023},
    publisher   = {No Starch Press},
    address     = {San Francisco},
    edition     = {2nd},
    isbn        = {9781718503106},
    note        = {Referenced sections: Ownership (4.1), Borrowing (4.2) and Lifetime (10.3)}
}

@online{rust-2023-interview,
    author  = {Clive Thompson},
    title   = {How Rust went from a side project to the world's most-loved programming language},
    year    = {2023},
    url     = {https://www.technologyreview.com/2023/02/14/1067869/rust-worlds-fastest-growing-programming-language/},
    note    = {MIT Technology Review},
    urldate = {2025-07-18},
}